<?xml version="1.0" encoding="UTF-8"?><collection xmlns="http://www.loc.gov/MARC21/slim"><record><leader>00385nam--2200133-i-4500</leader><controlfield tag="001">000031896</controlfield><controlfield tag="002">20161230</controlfield><controlfield tag="005">20161230201038</controlfield><controlfield tag="008">060222s1000------------r-----000-0-eng-d</controlfield><datafield ind1=" " ind2=" " tag="080"><subfield code="a">628.833.001.24</subfield></datafield><datafield ind1=" " ind2=" " tag="100"><subfield code="a">Maximov, G.A</subfield></datafield><datafield ind1=" " ind2=" " tag="245"><subfield code="a">Calculul canalelor de ventilare. trad.din l.rusa</subfield></datafield><datafield ind1=" " ind2=" " tag="260"><subfield code="a">/Bucuresti/, Ed.De Stat Pt.Arhitectura Si Constructii, 1955, 146p.+ Erata</subfield></datafield><datafield ind1=" " ind2=" " tag="852"><subfield code="a">5887</subfield></datafield></record></collection>